<?xml version="1.0" encoding="UTF-8"?><record xmlns="http://www.loc.gov/MARC21/slim" xmlns:cinclude="http://apache.org/cocoon/include/1.0" xmlns:zs="http://www.loc.gov/zing/srw/">
  <leader>00588nz  a2200121n  4500</leader>
  <controlfield tag="001">nr2001001702</controlfield>
  <controlfield tag="003">DLC</controlfield>
  <controlfield tag="005">20010119051058.0</controlfield>
  <controlfield tag="008">010117n| acannaabn          |n ana     c</controlfield>
  <datafield tag="010" ind1=" " ind2=" ">
    <subfield code="a">nr2001001702</subfield>
  </datafield>
  <datafield tag="040" ind1=" " ind2=" ">
    <subfield code="a">CaQMCCA</subfield>
    <subfield code="b">eng</subfield>
    <subfield code="c">CaQMCCA</subfield>
  </datafield>
  <datafield tag="110" ind1="2" ind2=" ">
    <subfield code="a">Atelier Hapsitus</subfield>
  </datafield>
  <datafield tag="670" ind1=" " ind2=" ">
    <subfield code="a">Voyage, c2000:</subfield>
    <subfield code="b">t.p. (Atelier Hapsitus) p. 6 (conceived by Nadim Karam in Tokyo, 1991; formally est. in Beirut, 1998; satellite grouping of young architects and artists around HAPpenings and SITUations; they are concerned with an experimental field of work that blurs the edges between the arts, urbanism and architecture)</subfield>
  </datafield>
</record>